@Article{AG15,
  title = {Effective-resistance-reducing flows, spectrally thin trees, and asymmetric {TSP}},
  author = {Nima Anari and Shayan Oveis Gharan},
  journal = {In: Proceedings of FOCS},
  year = 2015
}

@Article{AGM10,
  title = {An $\mathcal{O}$(logn / log logn)-approximation algorithm for the asymmetric traveling salesman problem},
  author = {Arash Asadpour and Michel X. Goemans and Aleksander Madry and Shayan Oveis Gharan and Amin Saberi},
  journal = {In: Proceedings of SODA},
  pages = {pages 379--389},
  year = 2010
}

@Article{Chr76,
  title = {Worst-case analysis of a new heuristic for the traveling salesman problem},
  author = {Nicos Christofides},
  journal = {Technical Report, DTIC Document},
  year = 1976
}

@Article{Edm71,
  title = {Matroids and the greedy algorithm},
  author = {Jack Edmonds},
  journal = {Mathematical Programming},
  pages = {pages 127--136},
  year = 1971
}

@Article{FGM83,
  title = {On the worse-case performance of some algorithms for the asymmetric traveling salesman problem},
  author = {A. M. Frieze and G. Galbiati and F. Maffioli},
  journal = {Networks},
  pages = {12:23--39},
  year = 1982
}

@Article{Goe06,
  title = {Minimum bounded degree spanning trees},
  author = {M. X. Goemans},
  journal = {In FOCS},
  pages = {pages 273--282},
  year = 2006
}

@Article{GS11,
  title = {The asymmetric traveling salesman problem on graphs with bounded genus},
  author = {Shayan Oveis Gharan and Amin Saberi},
  journal = {In: Proceedings of SODA},
  pages = {pages 967--975},
  year = 2011
}

@Article{GSS11,
  title = {A randomized rounding approach to the traveling salesman problem},
  author = {Shayan Oveis Gharan and Amin Saberi and Mohit Singh},
  journal = {In: Proceedings of FOCS},
  year = 2011
}

@Article{HK70,
  title = {The traveling salesman problem and minimum spanning trees.},
  author = {Michael Held and Richard Karp},
  journal = {Operations Research},
  pages = {18:1138--1162},
  year = 1970
}

@Article{KLS15,
  title = {New approximability bounds for {TSP}},
  author = {Marek Karpinski and Michael Lampis and Richard Schmied},
  journal = {J. Comput. Syst. Sci.},
  pages = {81(8):1665--1667},
  year = 2015
}

@Article{PY93,
  title = {The traveling salesman problem with distances one and two},
  author = {Christos H. Papadimitriou and Mihalis Yannakakis},
  journal = {Math. Oper. Res.},
  pages = {18(1):1-11},
  year = 1993
}

@Article{Sch03,
  title = {Combinatorial Optimization},
  author = {Alexander Schrijver},
  journal = {vol. 2 of Algorithms and Combinatorics},
  publisher = {Springer},
  year = 2003
}

@Article{Sve15,
  title = {Approximating {ATSP} by relaxing connectivity},
  author = {Ola Svensson},
  journal = {In: Proceedings of FOCS},
  year = 2015
}

@Article{STV16,
  title = {Constant Factor Approximation for {ATSP} with Two Edge weights},
  author = {Ola Svensson and Jakub Tarnawski and L\'aszl\'o A. V\'egh},
  journal = {In: Proceedings of IPCO},
  pages = {pages 226--237},
  year = 2016
}